% This file was created with Citavi 5.2.0.8

