% This file was created with Citavi 5.2.0.8

@book{Albers.2012,
 abstract = {Die B{\"a}nde der Maschinen- und Konstruktionselemente von Steinhilper/R{\"o}per haben sich als Standard-Lehrb{\"u}cher an Technischen Hochschulen durchgesetzt. Unter dem Titel Steinhilper/Sauer: Konstruktionselemente des Maschinenbaus wurde das Werk von einem ausgewiesenen Autorenteam aktualisiert und grundlegend {\"u}berarbeitet. Gem{\"a}{\ss} dem Grundlagencharakter der Vorlesung wird der Schwerpunkt auf ableitbares, systematisiertes Wissen gelegt. Der vorliegende 1. Band befasst sich mit den Grundlagen des Konstruierens, der Berechnung und Gestaltung, sowie mit den Elementen Federn, Schrauben und Verbindungen, Wellen und Wellen-Nabenverbindungen. Die 8. Auflage stellt eine erweiterte Fassung im Kapitel 5, Elastische Elemente und Federn und insbesondere im Kapitel 6, Schrauben und Schraubenverbindungen, dar. Die beiden B{\"a}nde des Lehrwerks umfassen das gesamte Spektrum der typischen Konstruktions- und Maschinenelemente. Die Inhalte sind auf die Ausbildung an Universit{\"a}ten und Technischen Hochschulen abgestimmt und gehen teilweise {\"u}ber das Grundlagenwissen hinaus. So stellen die beiden B{\"a}nde auch f{\"u}r Ingenieure in der Praxis ein wertvolles kompaktes Nachschlagewerk dar.},
 author = {Albers, Albert and Sauer, Bernd and Steinhilper, Waldemar},
 year = {2012},
 title = {Konstruktionselemente des Maschinenbaus 1: Grundlagen der Berechnung und Gestaltung von Maschinenelementen},
 keywords = {Engineering;Engineering design},
 address = {Berlin, Heidelberg},
 edition = {8. Auflage},
 publisher = {{Springer Berlin Heidelberg}},
 isbn = {3642243010},
 series = {Springer-Lehrbuch}
}


@book{Althaus.2007,
 author = {Althaus, Karsten and Bieder, Klaus and Dammer, Uwe and Fr{\"o}mmer, Gerald and {H{\"a}nert Manfred}},
 year = {2007},
 title = {Handbuch der Metallbearbeitung},
 keywords = {Metallbearbeitung},
 address = {Haan-Gruiten},
 edition = {4. Auflage},
 publisher = {Europa-Lehrmittel},
 isbn = {3808550945},
 series = {Bibliothek des technischen Wissens}
}


@article{Bayly.2001,
 author = {Bayly, Philip V. and Metzler, Sandra A. and Schaut, Adam J. and Young, Keith A.},
 year = {2001},
 title = {Theory of Torsional Chatter in Twist Drills: Model, Stability Analysis and Composition to Test},
 pages = {552},
 volume = {123},
 number = {4},
 issn = {10871357},
 journal = {Journal of Manufacturing Science and Engineering},
 doi = {10.1115/1.1381399}
}


@misc{DIN.Juni1998,
 year = {Juni 1998},
 title = {Wendelbohrer, Benennungen, Definitionen und Formen},
 address = {Berlin},
 number = {DIN ISO 5419},
 publisher = {{Beuth Verlag}},
 author = {{DIN ISO 5419}}
}


@book{Fritz.2015,
 author = {Fritz, A. Herbert and Schulze, G{\"u}nter},
 year = {2015},
 title = {Fertigungstechnik},
 address = {Berlin},
 edition = {11. Auflage},
 publisher = {{Springer Vieweg}},
 isbn = {978-3-662-46554-7},
 series = {Springer-Lehrbuch}
}


@book{Gebhardt.20142014,
 author = {Gebhardt, Christof},
 year = {2014},
 title = {Praxisbuch FEM mit ANSYS Workbench: Einf{\"u}hrung in die lineare und nichtlineare Mechanik},
 keywords = {ANSYS Workbench;Design;Finite-Elemente-Methode},
 address = {M{\"u}nchen},
 edition = {2. Auflage},
 publisher = {{Hanser Verlag}},
 isbn = {3446439196}
}


@book{Gross.2012,
 author = {Gross, Dietmar and Hauger, Werner and Schr{\"o}der, J{\"o}rg and Wall, Wolfgang A.},
 year = {2012},
 title = {Technische Mechanik 2: Elastostatik},
 address = {Berlin [u.a.]},
 edition = {11. Auflage},
 volume = {/ Dietmar Gross ... ; Bd. 2},
 publisher = {Springer},
 isbn = {3642199844},
 series = {Technische Mechanik}
}


@book{Haberhauer.2014,
 abstract = {Dieses bew{\"a}hrte Lehrbuch gibt einen fundierten {\"U}berblick {\"u}ber die wichtigsten Maschinenelemente. Der Leser lernt, die Funktionsweise moderner Maschinenteile zu verstehen, sie auszulegen und sicher anzuwenden. Das Buch enth{\"a}lt die aktuellen Berechnungsverfahren; es ist auf das Wesentliche konzentriert, gleichzeitig aber anwendungs- und praxisorientiert. F{\"u}r diese aktualisierte 17. Auflage wurdenNormen aktualisiert und Beispiele erweitert. Insbesondere wurden die Kapitel{\dq}Toleranzen{\dq}und{\dq}Schrauben{\dq} {\"u}berarbeitet. Eine Formelsammlung und weitere Beispielaufgaben k{\"o}nnen aus dem Internet heruntergeladen werden.{\dq} ... ein wertvolles Hilfsmittel sowohl f{\"u}r Studierende des Maschinenbaus als auch f{\"u}r Ingenieure in der Praxis, die Maschinenelemente auslegen und gestalten wollen ... {\dq}. (Werkstatt und Betrieb){\dq} Die Zielgruppen Das Buch eignet sich f{\"u}r Studierende an Technischen Universit{\"a}ten und Fachhochschulen sowie f{\"u}r Ingenieure in der Praxis. Der Inhalt Grundlagen.- Verbindungselemente.- Dichtungen.- Elemente der drehenden Bewegung.- Elemente der geradlinigen Bewegungen.- Elemente zur {\"U}bertragung gleichf{\"o}rmiger Drehbewegungen.- Anhang. Die Autoren Professor Dr.-Ing. Horst Haberhauer, arbeitete nach einem Maschinenbaustudium an der Universit{\"a}t Stuttgart zwei Jahre als Entwicklungskonstrukteur. Die anschlie{\ss}ende Assistentent{\"a}tigkeit am Lehrstuhl f{\"u}r Maschinenelemente an der Universit{\"a}t Dortmund schloss er mit einer Promotion {\"u}ber das dynamische Verhalten von hydrostatischen Getrieben ab. Danach folgten sechs Jahre als Konstruktionsleiter in einer Maschinenbaufirma, ehe er im Wintersemester 89/90 an die Fachhochschule f{\"u}r Technik Esslingen (FHTE) berufen wurde. Er vertritt dort die Lehrgebiete Maschinenelemente und Konstruktion/CAD. Prof. Dipl.-Ing. Ferdinand Bodenstein war von 1953 bis 1971 an der Staatlichen Ingenieurschule Esslingen zust{\"a}ndig f{\"u}r das Lehrgebiet Konstruktion und Konstruktionselemente. Er war Autor der 8. und 9.},
 author = {Haberhauer, Horst and Bodenstein, Ferdinand},
 year = {2014},
 title = {Maschinenelemente: Gestaltung, Berechnung, Anwendung},
 keywords = {Engineering},
 address = {Berlin, Heidelberg},
 edition = {17. Auflage},
 publisher = {{Springer Vieweg}},
 isbn = {3642374174},
 series = {Springer-Lehrbuch}
}


@book{Hagedorn.2006,
 author = {Hagedorn, Peter},
 year = {2006},
 title = {Technische Mechanik Band 2 Festigkeitslehre},
 keywords = {Festigkeitslehre},
 address = {Frankfurt am Main},
 edition = {4. Auflage},
 publisher = {{Harri Deutsch}},
 isbn = {9783817117789}
}


@misc{HermannBilzGmbH&Co.KG.,
 author = {{Hermann Bilz GmbH {\&} Co. KG}}
}


@book{Klein.2007,
 author = {Klein, Bernd},
 year = {2007},
 title = {FEM: Grundlagen und Anwendungen der Finite-Element-Methode im Maschinen- und Fahrzeugbau},
 keywords = {Finite-Elemente-Methode},
 address = {Wiesbaden},
 edition = {7. Auflage},
 publisher = {Vieweg},
 isbn = {9783834802965},
 series = {Studium Technik}
}


@book{Klocke.2008,
 author = {Klocke, Fritz and K{\"o}nig, Wilfried},
 year = {2008},
 title = {Fertigungsverfahren: Drehen, Fr{\"a}sen, Bohren},
 address = {D{\"u}sseldorf},
 edition = {8. Auflage},
 publisher = {VDI-Verl.},
 isbn = {978-3-540-23458-6},
 series = {Studium und Praxis}
}


@book{Koehldorfer.2010,
 author = {Koehldorfer, Werner},
 year = {2010},
 title = {Finite-Elemente-Methoden mit CATIA V5, SIMULIA: Berechnung von Bauteilen und Baugruppen in der Konstruktion},
 keywords = {CATIA 5.0;Finite-Elemente-Methode},
 address = {M{\"u}nchen},
 edition = {3. Auflage},
 publisher = {Hanser},
 isbn = {3446420959},
 series = {Edition CAD. DE}
}


@book{Macherauch.2011,
 author = {Macherauch, Eckard and Zoch, Hans-Werner},
 year = {2011},
 title = {Praktikum in Werkstoffkunde: 91 ausf{\"u}hrliche Versuche aus wichtigen Gebieten der Werkstofftechnik},
 keywords = {Werkstoffkunde},
 address = {Wiesbaden},
 edition = {11. Auflage},
 publisher = {{Vieweg et Teubner}},
 isbn = {978-3-8348-0343-6},
 series = {Studium}
}


@article{Nakayama.1978,
 author = {Nakayama, K. and Ogawa, M.},
 year = {1978},
 title = {Basic Rules on the Form of Chip in Metal Cutting},
 number = {27},
 journal = {Annals of the CIRP 27}
}


@book{Opitz.2013,
 author = {Opitz, Herwart and Bielefeld, Johannes},
 year = {1960},
 title = {Modellversuche an Werkzeugmaschinenelementen},
 address = {K{\"o}ln und Opladen},
 publisher = {{Westdeutscher Verlag}},
 isbn = {9783663042020}
}


@book{Richard.2013,
 author = {Richard, Hans Albert and Sander, Manuela},
 year = {2013},
 title = {Technische Mechanik. Festigkeitslehre: Lehrbuch mit Praxisbeispielen, Klausuraufgaben und L{\"o}sungen},
 keywords = {Aufgabensammlung;Festigkeitslehre},
 address = {Wiesbaden},
 edition = {4. Auflage},
 publisher = {{Springer Vieweg}},
 isbn = {3658014768}
}


@book{Rieg.2012,
 author = {Rieg, Frank and Hackenschmidt, Reinhard and Alber-Laukant, Bettina},
 year = {2012},
 title = {Finite Elemente Analyse f{\"u}r Ingenieure},
 keywords = {Design},
 address = {M{\"u}nchen},
 edition = {4. Auflage},
 publisher = {Hanser},
 isbn = {3446434690}
}


@article{Roukema.2007,
 author = {Roukema, Jochem C. and Altintas, Yusuf},
 year = {2007},
 title = {Generalized modeling of drilling vibrations. Part I: Time domain model of drilling kinematics, dynamics and hole formation},
 pages = {1455--1473},
 volume = {47},
 number = {9},
 issn = {08906955},
 journal = {International Journal of Machine Tools and Manufacture},
 doi = {10.1016/j.ijmachtools.2006.10.005}
}


@book{Schmid.2009,
 author = {Schmid, Dietmar},
 year = {2009},
 title = {Industrielle Fertigung: Fertigungsverfahren},
 keywords = {Berufsbildende Schule;Fertigungstechnik},
 address = {Haan-Gruiten},
 edition = {3. Auflage},
 publisher = {{Verl. Europa Lehrmittel}},
 isbn = {3808553537}
}


@book{Schonherr.op.2002,
 author = {Sch{\"o}nherr, Herbert},
 year = {2002},
 title = {Spanende Fertigung},
 keywords = {Fertigung;Lehrbuch;Spanende Bearbeitung},
 address = {M{\"u}nchen},
 publisher = {Oldenbourg},
 isbn = {9783486250459},
 series = {Oldenbourg Lehrb{\"u}cher f{\"u}r Ingenieure}
}


@book{Tschatsch.2011,
 author = {Tsch{\"a}tsch, Heinz and Dietrich, Jochen},
 year = {2011},
 title = {Praxis der Zerspantechnik: Verfahren, Werkzeuge, Berechnung},
 keywords = {Spanende Bearbeitung},
 address = {Wiesbaden},
 edition = {10. Auflage},
 publisher = {{Vieweg + Teubner}},
 isbn = {3834815020},
 series = {Praxis}
}


@book{Weck.2006,
 author = {Weck, Manfred and Brecher, Christian},
 year = {2013},
 title = {Werkzeugmaschinen 4: Automatisierung von Maschinen und Anlagen},
 keywords = {Steuerung;Werkzeugmaschine},
 address = {Berlin [u.a.]},
 edition = {6. Auflage},
 volume = {4},
 publisher = {Springer},
 isbn = {3642387470},
 series = {Werkzeugmaschinen}
}


@book{Weck.2013,
 author = {Weck, Manfred and Brecher, Christian},
 year = {2013},
 title = {Werkzeugmaschinen 3: Mechatronische Systeme, Vorschubantriebe, Prozessdiagnose},
 address = {Berlin [u.a.]},
 edition = {6. Auflage},
 volume = {/ Manfred Weck; Christian Brecher ; 3},
 publisher = {{Springer Vieweg}},
 isbn = {3642387462},
 series = {VDI-Buch}
}


@book{Weck.20132013?,
 author = {Weck, Manfred and Brecher, Christian},
 year = {2013},
 title = {Werkzeugmaschinen 2: Konstrukion und Berechnung},
 address = {Berlin and Heidelberg},
 edition = {8. Auflage},
 publisher = {{Springer Vieweg}},
 isbn = {3642387454}
}


@book{Weck.2013b,
 author = {Weck, Manfred and Brecher, Christian},
 year = {2013},
 title = {Werkzeugmaschinen 1: Maschinenarten und Anwendungsbereiche},
 address = {Berlin [u.a.]},
 edition = {6. Auflage},
 volume = {/ Manfred Weck; Christian Brecher ;[...]},
 publisher = {{Springer Vieweg}},
 isbn = {3642387446},
 series = {VDI-Buch}
}


@book{Weck.op.2006,
 author = {Weck, Manfred and Brecher, Christian},
 year = {2013},
 title = {Werkzeugmaschinen 5: Messtechnische Untersuchung und Beurteilung, dynamische Stabilit{\"a}t},
 keywords = {Messung;Qualit{\"a}tskontrolle;Werkzeugmaschine},
 address = {Berlin},
 edition = {7. Auflage},
 publisher = {Springer},
 isbn = {3642387489},
 series = {VDI-Buch}
}


@book{Westkamper.2010,
 author = {Westk{\"a}mper, E. and Warnecke, H. J.},
 year = {2010},
 title = {Einf{\"u}hrung in die Fertigungstechnik},
 keywords = {Industrial engineering},
 address = {Wiesbaden},
 edition = {8. Auflage},
 publisher = {{Vieweg + Teubner}},
 isbn = {3834897981},
 series = {Vieweg Studium}
}


@book{Wittel.2015,
 author = {Wittel, Herbert and Muhs, Dieter and Jannasch, Dieter and Vo{\ss}iek, Joachim},
 year = {2015},
 title = {Roloff/Matek: Maschinenelemente: Normung, Berechnung, Gestaltung},
 address = {Wiesbaden},
 edition = {22. Auflage},
 publisher = {{Springer Vieweg}},
 isbn = {9783658090814}
}


@book{Woyand.2009,
 author = {Woyand, Hans-Bernhard},
 year = {2009},
 title = {FEM mit CATIA V5: Berechnungen mit der Finite-Elemente-Methode},
 keywords = {CATIA 5.0;Finite-Elemente-Methode},
 address = {Wilburgstetten},
 edition = {3. AUflage},
 publisher = {Schlembach},
 isbn = {9783935340649}
}


